@Manual{R-base,
  title = {R: A Language and Environment for Statistical Computing},
  author = {{R Core Team}},
  organization = {R Foundation for Statistical Computing},
  address = {Vienna, Austria},
  year = {2018},
  url = {https://www.R-project.org/},
}
@Manual{R-papaja,
  author = {Frederik Aust and Marius Barth},
  title = {{papaja}: {Create} {APA} manuscripts with {R Markdown}},
  year = {2018},
  note = {R package version 0.1.0.9842},
  url = {https://github.com/crsh/papaja},
}
@Article{R-TOSTER,
  author = {Daniel Lakens},
  title = {Equivalence tests: A practical primer for t-tests, correlations, and meta-analyses},
  journal = {Social Psychological and Personality Science},
  year = {2017},
  volume = {1},
  pages = {1--8},
  doi = {10.1177/1948550617697177},
}
